<?xml version="1.0" encoding="UTF-8"?><collection xmlns="http://www.loc.gov/MARC21/slim"><record><leader>00311nam--2200133-i-4500</leader><controlfield tag="001">000047056</controlfield><controlfield tag="002">20161230</controlfield><controlfield tag="005">20161230201046</controlfield><controlfield tag="008">060222s1000------------r-----000-0-eng-d</controlfield><datafield ind1=" " ind2=" " tag="080"><subfield code="a">744(075.8)</subfield></datafield><datafield ind1=" " ind2=" " tag="100"><subfield code="a">Vraca,Ileana</subfield></datafield><datafield ind1=" " ind2=" " tag="245"><subfield code="a">Desen tehnica</subfield></datafield><datafield ind1=" " ind2=" " tag="260"><subfield code="a">Bucuresti, Ed.Did.Si Ped.,1979. 241 P</subfield></datafield><datafield ind1=" " ind2=" " tag="852"><subfield code="a">47376</subfield></datafield></record></collection>